@ARTICLE{r:difx1,
       author = {{Deller}, A.~T. and {Tingay}, S.~J. and {Bailes}, M. and {West}, C.},
        title = "{DiFX: A Software Correlator for Very Long Baseline Interferometry Using Multiprocessor Computing Environments}",
      journal = {\pasp},
     keywords = {Techniques: Interferometric, Instrumentation: Interferometers, Stars: Pulsars: General, Radio Continuum: General, Radio Lines: General, Astrophysics},
         year = "2007",
        month = "Mar",
       volume = {119},
       number = {853},
        pages = {318-336},
          doi = {10.1086/513572},
archivePrefix = {arXiv},
       eprint = {astro-ph/0702141},
 primaryClass = {astro-ph},
       adsurl = {https://ui.adsabs.harvard.edu/abs/2007PASP..119..318D},
      adsnote = {Provided by the SAO/NASA Astrophysics Data System}
}

@ARTICLE{r:difx2,
   author = {{Deller}, A.~T. and {Brisken}, W.~F. and {Phillips}, C.~J. and 
	{Morgan}, J. and {Alef}, W. and {Cappallo}, R. and {Middelberg}, E. and 
	{Romney}, J. and {Rottmann}, H. and {Tingay}, S.~J. and {Wayth}, R.
	},
    title = "{DiFX-2: A More Flexible, Efficient, Robust, and Powerful Software Correlator}",
  journal = {\pasp},
archivePrefix = "arXiv",
   eprint = {1101.0885},
 primaryClass = "astro-ph.IM",
     year = 2011,
    month = mar,
   volume = 123,
    pages = {275},
      doi = {10.1086/658907},
   adsurl = {http://adsabs.harvard.edu/abs/2011PASP..123..275D},
  adsnote = {Provided by the SAO/NASA Astrophysics Data System}
}

@techreport{r:difx-wiki,
      author = {{Philips}, Christian},
      title  = {DiFX Developer Pages},
      url    = {https://www.atnf.csiro.au/vlbi/dokuwiki/doku.php/difx/start},
 institution = {CSIRO},             
      year   = 2022,
      series = {On-line document}
}

@techreport{r:vex,
      author = {{Himwich}, Edward},
      title  = {VEX Definition},
      url    = {https://safe.nrao.edu/wiki/bin/view/VLBA/Vex2doc},
 institution = {NRAO},             
      year   = 2021,
      series = {On-line document}
}
